@inproceedings{navlakha2008graph,
  title={Graph summarization with bounded error},
  author={Navlakha, Saket and Rastogi, Rajeev and Shrivastava, Nisheeth},
  booktitle={Proceedings of the 2008 ACM SIGMOD international conference on Management of data},
  pages={419--432},
  year={2008},
  organization={ACM}
}

@misc {googleanalytics,
 author = {},
 title = {Google Analytics. https://analytics.google.com/}
}

@book{salomon2010handbook,
  title={Handbook of data compression},
  author={Salomon, David and Motta, Giovanni},
  year={2010},
  publisher={Springer Science \& Business Media}
}

@inproceedings{Chuang2012,
 author = {Chuang, Jason and Ramage, Daniel and Manning, Christopher and Heer, Jeffrey},
 title = {Interpretation and Trust: Designing Model-driven Visualizations for Text Analysis},
 booktitle = {Proceedings of the SIGCHI Conference on Human Factors in Computing Systems},
 series = {CHI '12},
 year = {2012},
 isbn = {978-1-4503-1015-4},
 location = {Austin, Texas, USA},
 pages = {443--452},
 numpages = {10},
 url = {http://doi.acm.org/10.1145/2207676.2207738},
 acmid = {2207738},
 publisher = {ACM},
 address = {New York, NY, USA},
 keywords = {design guidelines, statistical models, text, visual analysis},
}

@book{munzner2014visualization,
  title={Visualization analysis and design},
  author={Munzner, Tamara},
  year={2014},
  publisher={CRC Press}
}

@inproceedings{shneiderman1996eyes,
  title={The eyes have it: A task by data type taxonomy for information visualizations},
  author={Shneiderman, Ben},
  booktitle={Visual Languages, 1996. Proceedings., IEEE Symposium on},
  pages={336--343},
  year={1996},
  organization={IEEE}
}

@incollection{keim2008visual,
  title={Visual analytics: Definition, process, and challenges},
  author={Keim, Daniel and Andrienko, Gennady and Fekete, Jean-Daniel and G{\"o}rg, Carsten and Kohlhammer, J{\"o}rn and Melan{\c{c}}on, Guy},
  booktitle={Information visualization},
  pages={154--175},
  year={2008},
  publisher={Springer}
}


@inproceedings{plaisant2016tasks,
  title={The Diversity of Data and Tasks in Event Analytics},
  author={Plaisant, Catherine and Shneiderman, Ben},
  booktitle={Proceedings of the IEEE VIS 2016 Workshop on Temporal \& Sequential Event Analysis},
  year={2016}
}

@inproceedings{ruddle2016methods,
  title={Methods and a research agenda for the evaluation of event sequence visualization techniques},
  author={Ruddle, Roy A and Bernard, J{\"u}rgen and May, Thorsten and L{\"u}cke-Tieke, Hendrik and Kohlhammer, J{\"o}rn},
  booktitle={Proceedings of the IEEE VIS 2016 Workshop on Temporal \& Sequential Event Analysis.},
  year={2016},
  organization={Leeds}
}

@article{grunwald2004tutorial,
  title={A tutorial introduction to the minimum description length principle},
  author={Grunwald, Peter},
  journal={arXiv preprint math/0406077},
  year={2004}
}

@Article{Koga2007,
author="Koga, Hisashi
and Ishibashi, Tetsuo
and Watanabe, Toshinori",
title="Fast agglomerative hierarchical clustering algorithm using Locality-Sensitive Hashing",
journal="Knowledge and Information Systems",
year="2007",
volume="12",
number="1",
pages="25--53",
issn="0219-3116",
url="http://dx.doi.org/10.1007/s10115-006-0027-5"
}

@inproceedings{ioffe2010improved,
  title={Improved consistent sampling, weighted minhash and l1 sketching},
  author={Ioffe, Sergey},
  booktitle={Data Mining (ICDM), 2010 IEEE 10th International Conference on},
  pages={246--255},
  year={2010},
  organization={IEEE}
}

%survey

@book{aigner2011visualization,
	title={Visualization of time-oriented data},
	author={Aigner, Wolfgang and Miksch, Silvia and Schumann, Heidrun and Tominski, Christian},
	year={2011},
	publisher={Springer Science \& Business Media}
}

@inproceedings{bach2014review,
	title={A review of temporal data visualizations based on space-time cube operations},
	author={Bach, Benjamin and Dragicevic, Pierre and Archambault, Daniel and Hurter, Christophe and Carpendale, Sheelagh},
	booktitle={Eurographics conference on visualization},
	year={2014}
}

@inproceedings{wolfgang2003visualization,
	title={Visualization Methods for Time-Dependent Data: An Overview},
	author={Wolfgang, M{\"u}ller and Schumann, H},
	booktitle={Proceedings of the Winter Simulation Conference},
	year={2003}
}

%mdl

@book{grunwald2007minimum,
  title={The minimum description length principle},
  author={Gr{\"u}nwald, Peter D},
  year={2007},
  publisher={MIT press}
}

@inproceedings{navlakha2008graph,
  title={Graph summarization with bounded error},
  author={Navlakha, Saket and Rastogi, Rajeev and Shrivastava, Nisheeth},
  booktitle={Proceedings of the 2008 ACM SIGMOD international conference on Management of data},
  pages={419--432},
  year={2008},
  organization={ACM}
}

@article{collins2017mdl, 
	author={R. Veras and C. Collins}, 
	journal={IEEE Transactions on Visualization and Computer Graphics}, 
	title={Optimizing Hierarchical Visualizations with the Minimum Description Length Principle}, 
	year={2017}, 
	volume={23}, 
	number={1}, 
	pages={631-640}, 
	keywords={data visualisation;diagrams;optimisation;trees (mathematics);MDL principle;hierarchical visualization optimization;minimum description length principle;sunburst diagram;tree cut;treemap;Clutter;Data models;Data visualization;Encoding;Histograms;Mathematical model;Visualization;Hierarchy data;antichain;data aggregation;multiscale visualization;tree cut}, 
	ISSN={1077-2626}, 
	month={Jan},
}

@inproceedings{fowkes2016subsequence,
  title={A Subsequence Interleaving Model for Sequential Pattern Mining},
  author={Fowkes, Jaroslav and Sutton, Charles},
  booktitle={Proceedings of the 22nd ACM SIGKDD International Conference on Knowledge Discovery and Data Mining},
  pages={835--844},
  year={2016},
  organization={ACM}
}

@inproceedings{Bertens2016,
 author = {Bertens, Roel and Vreeken, Jilles and Siebes, Arno},
 title = {Keeping It Short and Simple: Summarising Complex Event Sequences with Multivariate Patterns},
 booktitle = {Proceedings of the 22Nd ACM SIGKDD International Conference on Knowledge Discovery and Data Mining},
 series = {KDD '16},
 year = {2016},
 isbn = {978-1-4503-4232-2},
 location = {San Francisco, California, USA},
 pages = {735--744},
 numpages = {10},
 url = {http://doi.acm.org/10.1145/2939672.2939761},
 acmid = {2939761},
 publisher = {ACM},
 address = {New York, NY, USA},
 keywords = {MDL, multivariate patterns, multivariate sequences, summarisation},
}

@article{lam2014mining,
  title={Mining compressing sequential patterns},
  author={Lam, Hoang Thanh and M{\"o}rchen, Fabian and Fradkin, Dmitriy and Calders, Toon},
  journal={Statistical Analysis and Data Mining},
  volume={7},
  number={1},
  pages={34--52},
  year={2014},
  publisher={Wiley Online Library}
}

@inproceedings{tatti2012long,
  title={The long and the short of it: summarising event sequences with serial episodes},
  author={Tatti, Nikolaj and Vreeken, Jilles},
  booktitle={Proceedings of the 18th ACM SIGKDD international conference on Knowledge discovery and data mining},
  pages={462--470},
  year={2012},
  organization={ACM}
}


%arguments

@inproceedings{gotz2016soft,
  title={Soft Patterns: Moving Beyond Explicit Sequential Patterns During Visual Analysis of Longitudinal Event Datasets},
  author={Gotz, David},
  booktitle={Proceedings of the IEEE VIS 2016 Workshop on Temporal \& Sequential Event Analysis},
  year={2016}
}


%naive


@ARTICLE{cloudlines11, 
	author={M. Krstajic and E. Bertini and D. Keim}, 
	journal={IEEE Transactions on Visualization and Computer Graphics}, 
	title={CloudLines: Compact Display of Event Episodes in Multiple Time-Series}, 
	year={2011}, 
	volume={17}, 
	number={12}, 
	pages={2432-2439}, 
	keywords={Internet;computer displays;data analysis;data structures;data visualisation;financial management;information resources;security of data;time series;CloudLines;data analysis;data visualization;decay function;event episode compact display;financial service;incremental data sets;interactive distortion;logarithmic time scale;magnifying lens technique;multiple time series visualization technique;network security;online news streams;readability enhancement;temporal context;time-based representation;Data visualization;Estimation;Event detection;Lenses;Time series analysis;Incremental visualization;event based data;lens distortion.}, 
	ISSN={1077-2626}, 
	month={Dec},
}
@article{zhao2013timeslice,
  title={Interactive exploration of implicit and explicit relations in faceted datasets},
  author={Zhao, Jian and Collins, Christopher and Chevalier, Fanny and Balakrishnan, Ravin},
  journal={IEEE Transactions on Visualization and Computer Graphics},
  volume={19},
  number={12},
  pages={2080--2089},
  year={2013},
  publisher={IEEE}
}

@inproceedings{shen2012visual,
	title={Visual analysis of massive web session data},
	author={Shen, Zeqian and Wei, Jishang and Sundaresan, Neel and Ma, Kwan-Liu},
	booktitle={Large Data Analysis and Visualization (LDAV), 2012 IEEE Symposium on},
	pages={65--72},
	year={2012},
	organization={IEEE}
}

@article{shen2010trail,
	title={Trail explorer: Understanding user experience in webpage flows},
	author={Shen, Zeqian and Sundaresan, Neel},
	journal={IEEE VisWeek Discovery Exhibition},
	pages={7--8},
	year={2010}
}

@article{monroe2013temporal,
	title={Temporal event sequence simplification},
	author={Monroe, Megan and Lan, Rongjian and Lee, Hanseung and Plaisant, Catherine and Shneiderman, Ben},
	journal={IEEE transactions on visualization and computer graphics},
	volume={19},
	number={12},
	pages={2227--2236},
	year={2013},
	publisher={IEEE}
}

@inproceedings{plaisant1996lifelines,
	title={LifeLines: visualizing personal histories},
	author={Plaisant, Catherine and Milash, Brett and Rose, Anne and Widoff, Seth and Shneiderman, Ben},
	booktitle={Proceedings of the SIGCHI conference on Human factors in computing systems},
	pages={221--227},
	year={1996},
	organization={ACM}
}

@inproceedings{wang2008aligning,
	title={Aligning temporal data by sentinel events: discovering patterns in electronic health records},
	author={Wang, Taowei David and Plaisant, Catherine and Quinn, Alexander J and Stanchak, Roman and Murphy, Shawn and Shneiderman, Ben},
	booktitle={Proceedings of the SIGCHI conference on Human factors in computing systems},
	pages={457--466},
	year={2008},
	organization={ACM}
}

@article{wang2009temporal,
	title={Temporal summaries: Supporting temporal categorical searching, aggregation and comparison},
	author={Wang, Taowei David and Plaisant, Catherine and Shneiderman, Ben and Spring, Neil and Roseman, David and Marchand, Greg and Mukherjee, Vikramjit and Smith, Mark},
	journal={IEEE transactions on visualization and computer graphics},
	volume={15},
	number={6},
	year={2009},
	publisher={IEEE}
}

@inproceedings{wongsuphasawat2009finding,
	title={Finding comparable temporal categorical records: A similarity measure with an interactive visualization},
	author={Wongsuphasawat, Krist and Shneiderman, Ben},
	booktitle={Visual Analytics Science and Technology, 2009. VAST 2009. IEEE Symposium on},
	pages={27--34},
	year={2009},
	organization={IEEE}
}

@inproceedings{zhao2012timeslice,
	title={TimeSlice: Interactive faceted browsing of timeline data},
	author={Zhao, Jian and Drucker, Steven M and Fisher, Danyel and Brinkman, Donald},
	booktitle={Proceedings of the International Working Conference on Advanced Visual Interfaces},
	pages={433--436},
	year={2012},
	organization={ACM}
}

@article{du2016eventaction,
	title={EventAction: Visual Analytics for Temporal Event Sequence Recommendation},
	author={Du, Fan and Plaisant, Catherine and Spring, Neil and Shneiderman, Ben},
	journal={Proceedings of the IEEE Visual Analytics Science and Technology},
	year={2016}
}

@article{du2016tvcg,
	author = {Du, Fan and Shneiderman, Ben and Plaisant, Catherine and Malik, Sana and Perer, Adam},
	journal = {IEEE Transactions on Visualization and Computer Graphics},
	title = {Coping with Volume and Variety in Temporal Event Sequences: Strategies for Sharpening Analytic Focus},
	year = {2016},
	volume = {PP},
	number = {99},
	pages = {1--14},
	ISSN = {1077-2626}
}

@inproceedings{wongsuphasawat2011lifeflow,
	title={LifeFlow: visualizing an overview of event sequences},
	author={Wongsuphasawat, Krist and Guerra G{\'o}mez, John Alexis and Plaisant, Catherine and Wang, Taowei David and Taieb-Maimon, Meirav and Shneiderman, Ben},
	booktitle={Proceedings of the SIGCHI conference on human factors in computing systems},
	pages={1747--1756},
	year={2011},
	organization={ACM}
}

@ARTICLE{wongsuphasawat2012outflow, 
	author={K. Wongsuphasawat and D. Gotz}, 
	journal={IEEE Transactions on Visualization and Computer Graphics}, 
	title={Exploring Flow, Factors, and Outcomes of Temporal Event Sequences with the Outflow Visualization}, 
	year={2012}, 
	volume={18}, 
	number={12}, 
	pages={2659-2668}, 
	keywords={data visualisation;EMR;aggregate pathway;cardinality;electronic medical record;event progression pathway;event sequence data;event state;outflow visualization technique;pathway state transition;sports event;temporal event sequence;Data visualization;Image color analysis;Information analysis;Layout;Sequential analysis;Outflow;information visualization;state diagram;state transition;temporal event sequences;1}, 
	ISSN={1077-2626}, 
	month={Dec},
}
	
%interaction

@inproceedings{zgraggen2015s,
author={Zgraggen, Emanuel and Drucker, Steven M and Fisher, Danyel and Deline, Robert},
	title     = {(s{\(\vert\)}qu)eries: Visual Regular Expressions for Querying and
	Exploring Event Sequences},
	booktitle = {Proceedings of the 33rd Annual {ACM} Conference on Human Factors in
	Computing Systems, {CHI} 2015, Seoul, Republic of Korea, April 18-23,
	2015},
	pages     = {2683--2692},
	year      = {2015},
	crossref  = {DBLP:conf/chi/2015},
	url       = {http://doi.acm.org/10.1145/2702123.2702262},
	timestamp = {Sun, 19 Apr 2015 16:24:23 +0200},
	biburl    = {http://dblp.uni-trier.de/rec/bib/conf/chi/ZgraggenDFD15},
	bibsource = {dblp computer science bibliography, http://dblp.org}
}

@article{krause2016supporting,
	title={Supporting iterative cohort construction with visual temporal queries},
	author={Krause, Josua and Perer, Adam and Stavropoulos, Harry},
	journal={IEEE transactions on visualization and computer graphics},
	volume={22},
	number={1},
	pages={91--100},
	year={2016},
	publisher={IEEE}
}

%others

@inproceedings{riehmann2005interactive,
	title={Interactive sankey diagrams},
	author={Riehmann, Patrick and Hanfler, Manfred and Froehlich, Bernd},
	booktitle={Information Visualization, 2005. INFOVIS 2005. IEEE Symposium on},
	pages={233--240},
	year={2005},
	organization={IEEE}
}

@inproceedings{perer2013data,
	title={Data-driven exploration of care plans for patients},
	author={Perer, Adam and Gotz, David},
	booktitle={CHI'13 Extended Abstracts on Human Factors in Computing Systems},
	pages={439--444},
	year={2013},
	organization={ACM}
}

@article{gotz2014decisionflow,
	title={Decisionflow: Visual analytics for high-dimensional temporal event sequence data},
	author={Gotz, David and Stavropoulos, Harry},
	journal={IEEE transactions on visualization and computer graphics},
	volume={20},
	number={12},
	pages={1783--1792},
	year={2014},
	publisher={IEEE}
}

@article{cao2016episogram,
	title={Episogram: Visual summarization of egocentric social interactions},
	author={Cao, Nan and Lin, Yu-Ru and Du, Fan and Wang, Dashun},
	journal={IEEE computer graphics and applications},
	volume={36},
	number={5},
	pages={72--81},
	year={2016},
	publisher={IEEE}
}

@inproceedings{zhao2015matrixwave,
	title={MatrixWave: Visual comparison of event sequence data},
	author={Zhao, Jian and Liu, Zhicheng and Dontcheva, Mira and Hertzmann, Aaron and Wilson, Alan},
	booktitle={Proceedings of the 33rd Annual ACM Conference on Human Factors in Computing Systems},
	pages={259--268},
	year={2015},
	organization={ACM}
}

@article{vrotsou2009activitree,
	title={ActiviTree: interactive visual exploration of sequences in event-based data using graph similarity},
	author={Vrotsou, Katerina and Johansson, Jimmy and Cooper, Matthew},
	journal={IEEE Transactions on Visualization and Computer Graphics},
	volume={15},
	number={6},
	pages={945--952},
	year={2009},
	publisher={IEEE}
}

%SPM

@inproceedings{stasko2000focus+,
	title={Focus+ context display and navigation techniques for enhancing radial, space-filling hierarchy visualizations},
	author={Stasko, John and Zhang, Eugene},
	booktitle={Information Visualization, 2000. InfoVis 2000. IEEE Symposium on},
	pages={57--65},
	year={2000},
	organization={IEEE}
}

@inproceedings{malik2015cohort,
	title={Cohort comparison of event sequences with balanced integration of visual analytics and statistics},
	author={Malik, Sana and Du, Fan and Monroe, Megan and Onukwugha, Eberechukwu and Plaisant, Catherine and Shneiderman, Ben},
	booktitle={Proceedings of the 20th International Conference on Intelligent User Interfaces},
	pages={38--49},
	year={2015},
	organization={ACM}
}

@inproceedings{polack2015timestitch,
	title={TimeStitch: Interactive multi-focus cohort discovery and comparison},
	author={Polack, Peter J and Chen, Shang-Tse and Kahng, Minsuk and Sharmin, Moushumi and Chau, Duen Horng},
	booktitle={Visual Analytics Science and Technology (VAST), 2015 IEEE Conference on},
	pages={209--210},
	year={2015},
	organization={IEEE}
}

@inproceedings{kwon2016peekquence,
	title={Peekquence: Visual analytics for event sequence data},
	author={Kwon, Bum Chul and Verma, Janu and Perer, Adam},
	booktitle={ACM SIGKDD 2016 Workshop on Interactive Data Exploration and Analytics},
	year={2016}
}

@inproceedings{perer2014frequence,
	title={Frequence: interactive mining and visualization of temporal frequent event sequences},
	author={Perer, Adam and Wang, Fei},
	booktitle={Proceedings of the 19th international conference on Intelligent User Interfaces},
	pages={153--162},
	year={2014},
	organization={ACM}
}

@article{liu2017patterns,
	title={Patterns and sequences: Interactive exploration of clickstreams to understand common visitor paths},
	author={Liu, Zhicheng and Wang, Yang and Dontcheva, Mira and Hoffman, Matthew and Walker, Seth and Wilson, Alan},
	journal={IEEE Transactions on Visualization and Computer Graphics},
	volume={23},
	number={1},
	pages={321--330},
	year={2017},
	publisher={IEEE}
}

%cluster

@inproceedings{makanju2008logview,
	title={Logview: Visualizing event log clusters},
	author={Makanju, Adetokunbo and Brooks, Stephen and Zincir-Heywood, A Nur and Milios, Evangelos E},
	booktitle={Privacy, Security and Trust, 2008. PST'08. Sixth Annual Conference on},
	pages={99--108},
	year={2008},
	organization={IEEE}
}

@article{cadez2003model,
	title={Model-based clustering and visualization of navigation patterns on a web site},
	author={Cadez, Igor and Heckerman, David and Meek, Christopher and Smyth, Padhraic and White, Steven},
	journal={Data Mining and Knowledge Discovery},
	volume={7},
	number={4},
	pages={399--424},
	year={2003},
	publisher={Springer}
}

@inproceedings{wang2016unsupervised,
	title={Unsupervised clickstream clustering for user behavior analysis},
	author={Wang, Gang and Zhang, Xinyi and Tang, Shiliang and Zheng, Haitao and Zhao, Ben Y},
	booktitle={Proceedings of the 2016 CHI Conference on Human Factors in Computing Systems},
	pages={225--236},
	year={2016},
	organization={ACM}
}

@inproceedings{wei2012visual,
	title={Visual cluster exploration of web clickstream data},
	author={Wei, Jishang and Shen, Zeqian and Sundaresan, Neel and Ma, Kwan-Liu},
	booktitle={Visual Analytics Science and Technology (VAST), 2012 IEEE Conference on},
	pages={3--12},
	year={2012},
	organization={IEEE}
}

@book{leskovec2014mining,
	title={Mining of massive datasets},
	author={Leskovec, Jure and Rajaraman, Anand and Ullman, Jeffrey David},
	year={2014},
	publisher={Cambridge University Press}
}

@inproceedings{santos2009use,
	title={On the use of the adjusted rand index as a metric for evaluating supervised classification},
	author={Santos, Jorge M and Embrechts, Mark},
	booktitle={International Conference on Artificial Neural Networks},
	pages={175--184},
	year={2009},
	organization={Springer}
}

@inproceedings{agavue,
	title={Agavue Event Data Sample: Full Dataset. Version of October 20, 2016. Microsoft Research. Retrieved from http://eventevent.github.io},
	author={Danyel Fisher},
}

@inproceedings{brill2000improved,
	title={An improved error model for noisy channel spelling correction},
	author={Brill, Eric and Moore, Robert C},
	booktitle={Proceedings of the 38th Annual Meeting on Association for Computational Linguistics},
	pages={286--293},
	year={2000},
	organization={Association for Computational Linguistics}
}

@inproceedings{liumining,
	title={Mining, Pruning and Visualizing Frequent Patterns for Temporal Event Sequence Analysis},
	author={Liu, Zhicheng and Dev, Himel and Dontcheva, Mira and Hoffman, Matthew},
	booktitle={Proceedings of the IEEE VIS 2016 Workshop on Temporal \& Sequential Event Analysis},
	year={2016}
}

@article{cao2016episogram,
	title={Episogram: Visual summarization of egocentric social interactions},
	author={Cao, Nan and Lin, Yu-Ru and Du, Fan and Wang, Dashun},
	journal={IEEE computer graphics and applications},
	volume={36},
	number={5},
	pages={72--81},
	year={2016},
	publisher={IEEE}
}

@inproceedings{shen2012visual,
	title={Visual analysis of massive web session data},
	author={Shen, Zeqian and Wei, Jishang and Sundaresan, Neel and Ma, Kwan-Liu},
	booktitle={Large Data Analysis and Visualization (LDAV), 2012 IEEE Symposium on},
	pages={65--72},
	year={2012},
	organization={IEEE}
}

@article{ferstay2013variant,
	title={Variant view: Visualizing sequence variants in their gene context},
	author={Ferstay, Joel A and Nielsen, Cydney B and Munzner, Tamara},
	journal={IEEE transactions on visualization and computer graphics},
	volume={19},
	number={12},
	pages={2546--2555},
	year={2013},
	publisher={IEEE}
}

@article{guo2018eventthread,
	title={EventThread: Visual Summarization and Stage Analysis of Event Sequence Data},
	author={Guo, Shunan and Xu, Ke and Zhao, Rongwen and Gotz, David and Zha, Hongyuan and Cao, Nan},
	journal={IEEE transactions on visualization and computer graphics},
	volume={24},
	number={1},
	pages={56--65},
	year={2018},
	publisher={IEEE}
}

@article{chen2018sequence,
	title={Sequence Synopsis: Optimize Visual Summary of Temporal Event Data},
	author={Chen, Yuanzhe and Xu, Panpan and Ren, Liu},
	journal={IEEE transactions on visualization and computer graphics},
	volume={24},
	number={1},
	pages={45--55},
	year={2018},
	publisher={IEEE}
}

% stage analysis

@inproceedings{wang2014unsupervised,
	title={Unsupervised learning of disease progression models},
	author={Wang, Xiang and Sontag, David and Wang, Fei},
	booktitle={Proceedings of the 20th ACM SIGKDD international conference on Knowledge discovery and data mining},
	pages={85--94},
	year={2014},
	organization={ACM}
}

@inproceedings{yang2014finding,
	title={Finding progression stages in time-evolving event sequences},
	author={Yang, Jaewon and McAuley, Julian and Leskovec, Jure and LePendu, Paea and Shah, Nigam},
	booktitle={Proceedings of the 23rd international conference on World wide web},
	pages={783--794},
	year={2014},
	organization={ACM}
}

@article{zhou2013modeling,
	title={Modeling disease progression via multi-task learning},
	author={Zhou, Jiayu and Liu, Jun and Narayan, Vaibhav A and Ye, Jieping and Alzheimer's Disease Neuroimaging Initiative and others},
	journal={NeuroImage},
	volume={78},
	pages={233--248},
	year={2013},
	publisher={Elsevier}
}

@article{jackson2003multistate,
	title={Multistate Markov models for disease progression with classification error},
	author={Jackson, Christopher H and Sharples, Linda D and Thompson, Simon G and Duffy, Stephen W and Couto, Elisabeth},
	journal={Journal of the Royal Statistical Society: Series D (The Statistician)},
	volume={52},
	number={2},
	pages={193--209},
	year={2003},
	publisher={Wiley Online Library}
}

@article{guo2018eventthread,
	title={EventThread: Visual Summarization and Stage Analysis of Event Sequence Data},
	author={Guo, Shunan and Xu, Ke and Zhao, Rongwen and Gotz, David and Zha, Hongyuan and Cao, Nan},
	journal={IEEE transactions on visualization and computer graphics},
	volume={24},
	number={1},
	pages={56--65},
	year={2018},
	publisher={IEEE}
}

@inproceedings{li2008efficiently,
	title={Efficiently mining closed subsequences with gap constraints},
	author={Li, Chun and Wang, Jianyong},
	booktitle={proceedings of the 2008 SIAM International Conference on Data Mining},
	pages={313--322},
	year={2008},
	organization={SIAM}
}

% revision

@article{lu2016exploring,
	title={Exploring evolving media discourse through event cueing},
	author={Lu, Yafeng and Steptoe, Michael and Burke, Sarah and Wang, Hong and Tsai, Jiun-Yi and Davulcu, Hasan and Montgomery, Douglas and Corman, Steven R and Maciejewski, Ross},
	journal={IEEE transactions on visualization and computer graphics},
	volume={22},
	number={1},
	pages={220--229},
	year={2016},
	publisher={IEEE}
}

@article{kiernan2009constructing,
	title={Constructing comprehensive summaries of large event sequences},
	author={Kiernan, Jerry and Terzi, Evimaria},
	journal={ACM Transactions on Knowledge Discovery from Data (TKDD)},
	volume={3},
	number={4},
	pages={21},
	year={2009},
	publisher={ACM}
}

@inproceedings{calders2009using,
	title={Using minimum description length for process mining},
	author={Calders, Toon and G{\"u}nther, Christian W and Pechenizkiy, Mykola and Rozinat, Anne},
	booktitle={Proceedings of the 2009 ACM symposium on Applied Computing},
	pages={1451--1455},
	year={2009},
	organization={ACM}
}

@article{veras2017optimizing,
	title={Optimizing Hierarchical Visualizations with the Minimum Description Length Principle},
	author={Veras, Rafael and Collins, Christopher},
	journal={IEEE Transactions on Visualization and Computer Graphics},
	volume={23},
	number={1},
	pages={631--640},
	year={2017},
	publisher={IEEE}
}

@article{liu2017coreflow,
	title={CoreFlow: Extracting and Visualizing Branching Patterns from Event Sequences},
	author={Liu, Zhicheng and Kerr, Bernard and Dontcheva, Mira and Grover, Justin and Hoffman, Matthew and Wilson, Alan},
	year={2017}
}

@misc {eventflow,
	author = {},
	title = {EventFlow. http://hcil.umd.edu/eventflow/}
}

@article{wang2007frequent,
	title={Frequent closed sequence mining without candidate maintenance},
	author={Wang, Jianyong and Han, Jiawei and Li, Chun},
	journal={IEEE Transactions on Knowledge and Data Engineering},
	volume={19},
	number={8},
	year={2007},
	publisher={IEEE}
}

@article{robinson2017design,
	title={Design and evaluation of a geovisual analytics system for uncovering patterns in spatio-temporal event data},
	author={Robinson, Anthony C and Peuquet, Donna J and Pezanowski, Scott and Hardisty, Franklin A and Swedberg, Brian},
	journal={Cartography and Geographic Information Science},
	volume={44},
	number={3},
	pages={216--228},
	year={2017},
	publisher={Taylor \& Francis}
}

@inproceedings{wanner2014state,
	title={State-of-the-art report of visual analysis for event detection in text data streams},
	author={Wanner, Franz and Stoffel, Andreas and J{\"a}ckle, Dominik and Kwon, Bum Chul and Weiler, Andreas and Keim, Daniel A and Isaacs, Katherine E and Gim{\'e}nez, Alfredo and Jusufi, Ilir and Gamblin, Todd and others},
	booktitle={Computer Graphics Forum},
	volume={33},
	number={3},
	year={2014}
}

@article{liu2014survey,
	title={A survey on information visualization: recent advances and challenges},
	author={Liu, Shixia and Cui, Weiwei and Wu, Yingcai and Liu, Mengchen},
	journal={The Visual Computer},
	volume={30},
	number={12},
	pages={1373--1393},
	year={2014},
	publisher={Springer}
}

@article{shneiderman2015sharpening,
	title={Sharpening analytic focus to cope with big data volume and variety},
	author={Shneiderman, Ben and Plaisant, Catherine},
	journal={IEEE computer graphics and applications},
	volume={35},
	number={3},
	pages={10--14},
	year={2015},
	publisher={IEEE}
}

@article{haroz2016connected,
	title={The connected scatterplot for presenting paired time series},
	author={Haroz, Steve and Kosara, Robert and Franconeri, Steven L},
	journal={IEEE transactions on visualization and computer graphics},
	volume={22},
	number={9},
	pages={2174--2186},
	year={2016},
	publisher={IEEE}
}

@article{wood2015visualizing,
	title={Visualizing personal progress in participatory sports cycling events},
	author={Wood, Jo},
	journal={IEEE Computer Graphics and Applications},
	volume={35},
	number={4},
	pages={73--81},
	year={2015},
	publisher={IEEE}
}